% This file was created with JabRef 2.7b.
% Encoding: UTF-8

@ARTICLE{Brants00,
  author = {Brants, T.},
  title = {TnT: a statistical part-of-speech tagger},
  journal = {Proceedings of the 6th Conference on Applied Natural Language Processing},
  year = {2000},
  pages = {224--231},
  language = {english},
  organization = {Association for Computational Linguistics}
}

@BOOK{Brownlee11,
  title = {Clever Algorithms: Nature-Inspired Programming Recipes},
  year = {2011},
  author = {J. Brownlee},
  language = {english}
}

@ARTICLE{Byrne09,
  author = {Byrne, K. and Klein, E.},
  title = {Automatic Extraction of Archaeological Events from Text},
  journal = {School of Informatics, University of Edinburgh, Scotland},
  year = {2010},
  pages = {13},
  language = {english}
}

@BOOK{Dutoit97,
  title = {An Introduction to Text-to-Speech Synthesis},
  publisher = {Springer Netherlands},
  year = {1997},
  author = {Dutoit, T.},
  volume = {3},
  pages = {285},
  language = {english}
}

@PHDTHESIS{Fielding00,
  author = {Fielding, R. T.},
  title = {Architectural Styles and the Design of Network-based Software Architectures},
  year = {2000},
  address = {The University of California},
  language = {english},
  numpages = {180}
}

@BOOK{Forsyth02,
  title = {Computer vision: a modern approach},
  publisher = {Prentice Hall Professional Technical Reference},
  year = {2002},
  author = {Forsyth, D. and Ponce, J.},
  isbn = {0130851981},
  language = {english}
}

@ARTICLE{Frantzi00,
  author = {Frantzi, K. and Ananiadou, S. and Mima, H.},
  title = {Automatic recogintion of multi-word terms: the C-value/NC-value method},
  journal = {International Journal on Digital Libraries},
  year = {2000},
  volume = {3},
  pages = {115-130},
  language = {english}
}

@ARTICLE{Goldberg09,
  author = {Goldberg, A.B. and Rosin, J. and Zhu, X. and Dyer, C.R.},
  title = {Toward Text-to-Picture Synthesis},
  journal = {NIPS 2009 Mini-Symposia on Assistive Machine Learning for People
	with Disabilities},
  year = {2009},
  language = {english}
}

@BOOK{Hastie08,
  title = {The Elements of Statistical Learning: Data Mining, Inference, and
	Prediction (Second Edition)},
  publisher = {Springer Series in Statistics},
  year = {2008},
  author = {Hastie, T. and Tibshirani, R. and Friedman, J.},
  language = {english}
}

@ARTICLE{Levine06,
  author = {Levine, R. and Meurers, D.},
  title = {Head-Driven Phrase Structure Grammar: Linguistic Approach, Formal
	Foundations, and Computational Realization},
  journal = {Encyclopedia of Language and Linguistics, Second Edition},
  year = {2006},
  address = {Oxford: Elsevier},
  editor = {Keith Brown},
  language = {english}
}

@BOOK{Manning09,
  title = {An Introduction to Information Retrieval},
  publisher = {Cambridge University Press},
  year = {2009},
  author = {Manning, C. and Raghavan, P. and Schütze, H.},
  language = {english}
}

@BOOK{Manning99,
  title = {Foundations of statistical natural language processing},
  publisher = {MIT Press},
  year = {1999},
  author = {Manning, C. and Schütze, H.},
  volume = {59},
  language = {english}
}

@PHDTHESIS{Medelyan09,
  author = {Medelyan, O.},
  title = {Human-competitive automatic topic indexing},
  school = {The University of Waikato},
  year = {2009},
  language = {english},
  numpages = {244}
}

@ARTICLE{Mihalcea08,
  author = {Mihalcea, R. and Leong, C.},
  title = {Toward communicating simple sentences using pictorial representations},
  journal = {Machine Translation — Springer},
  year = {2008},
  volume = {22},
  pages = {153--173},
  number = {3},
  language = {english},
  publisher = {Springer}
}

@ARTICLE{Porter93,
  author = {Porter, M. F.},
  title = {An algorithm for suffix stripping},
  journal = {Program: electronic library and information systems},
  year = {1993},
  volume = {14},
  pages = {130--137},
  number = {3},
  issn = {0033-0337},
  language = {english},
  publisher = {MCB UP Ltd}
}

@ARTICLE{Rosenfeld69,
  author = {Rosenfeld, A. and Huang, H. and Schneider, V.},
  title = {An application of cluster detection to text and picture processing},
  journal = {IEEE Transactions on Information Theory},
  year = {1969},
  volume = {15},
  pages = {672--681},
  number = {6},
  language = {english},
  publisher = {IEEE}
}

@ARTICLE{Schmid94,
  author = {Schmid, H.},
  title = {Probabilistic part-of-speech tagging using decision trees},
  journal = {Proceedings of the International Conference on New Methods in Language
	Processing},
  year = {1994},
  pages = {9},
  language = {english}
}

@ARTICLE{Segalovich03,
  author = {Segalovich, I.},
  title = {A fast morphological algorithm with unknown word guessing induced
	by a dictionary for a web search engine},
  journal = {Proceedings of the International Conference on Machine Learning;
	Models, Technologies and Applications},
  year = {2003},
  pages = {8},
  language = {english}
}

@ARTICLE{Sharoff08,
  author = {Sharoff, S. and Kopotev, M. and Erjavec, T. and Feldman, A. and Divjak,
	D.},
  title = {Designing and evaluating a Russian tagset},
  journal = {Proceedings of LREC},
  year = {2008},
  volume = {8},
  language = {english}
}

@BOOK{Ruby,
  title = {Programming Ruby 1.9 (3rd edition): The Pragmatic Programmers' Guide},
  publisher = {The Pragmatic Programmers},
  year = {2010},
  author = {Thomas, D. and Fowler, C. and Hunt, A.},
  issn = {978-1-93435-608-1},
  language = {english}
}

@ARTICLE{Turney00,
  author = {Turney, P. D.},
  title = {Learning Algorithms for Keyphrase Extraction},
  journal = {Information Retrieval — INRT 34-99},
  year = {2000},
  pages = {46},
  language = {english}
}

@ARTICLE{Witten99,
  author = {Witten, I.H. and Paynter, G.W. and Frank, E. and Gutwin, C. and Nevill-Manning,
	C.G.},
  title = {KEA: Practical automatic keyphrase extraction},
  journal = {Proceedings of the fourth ACM conference on Digital libraries},
  year = {1999},
  pages = {254--255}
}

@ARTICLE{Yoshii02,
  author = {Yoshii, M. and Flaitz, J.},
  title = {Second Language Incidental Vocabulary Retention: The Effect of Text
	and Picture Annotation Types},
  journal = {CALICO journal},
  year = {2002},
  volume = {20},
  pages = {33--58},
  number = {1}
}

@ARTICLE{Zhu07,
  author = {Zhu, X. and Goldberg, A.B. and Eldawy, M. and Dyer, C.R. and Strock,
	B.},
  title = {A text-to-picture synthesis system for augmenting communication},
  journal = {Proceedings of the National Conference of Artifical Intelligence},
  year = {2007},
  volume = {22},
  pages = {1590},
  number = {2},
  language = {english}
}

@INPROCEEDINGS{Braslavsky08,
  author = {Браславский, П. and Соколов, Е.},
  title = {Сравнение пяти методов извлечения терминов произвольной длины},
  booktitle = {Труды международной конференции «Диалог 2008»},
  year = {2008},
  pages = {8},
  address = {Бекасово},
  language = {russian}
}

@INPROCEEDINGS{Braslavsky07,
  author = {Браславский, П. and Соколов, Е.},
  title = {Автоматическое извлечение терминологии с использованием поисковых
	машин Интернета},
  booktitle = {Труды международной конференции <<Диалог 2007>>},
  year = {2007},
  pages = {6},
  address = {Бекасово},
  language = {russian}
}

@INPROCEEDINGS{Braslavsky06,
  author = {Браславский, П. and Соколов, Е.},
  title = {Сравнение четырёх методов автоматического извлечения двухсловных
	терминов из текста},
  booktitle = {Труды международной конференции <<Диалог 2006>>},
  year = {2006},
  pages = {7},
  address = {Бекасово},
  language = {russian}
}

@ARTICLE{Velichko09,
  author = {Величко, В. and Волошин, П. and Свитла, С.},
  title = {Автоматизированное создание тезауруса терминов предметной области
	для локальных поисковых систем},
  journal = {Труды международной конференции <<Знание-Диалог-Решение 2009>>},
  pages = {8},
  language = {russian}
}

@BOOK{Gladky85,
  title = {Синтаксические структуры естественного языка в автоматизированных
	системах общения},
  publisher = {Наука},
  year = {1985},
  editor = {Д. А. Поспелов},
  author = {А. В. Гладкий},
  pages = {144},
  series = {Проблемы искусственного интеллекта},
  address = {М.},
  language = {russian}
}

@INPROCEEDINGS{Lyashevskaya10,
  author = {Ляшевская, О. and Астафьева, И. and Бонч-Осмоловская, А. and Гарейшина,
	А. and Гришина, Ю. and Дьячков, В. and Ионов, М. and Королева, А.
	and Кудринский, М. and Литягина, А. and Лучина, Е. and Сидорова,
	Е. and Толдова, С. and Савчук, С. and Коваль, С.},
  title = {Оценка методов автоматического анализа текста: морфологические парсеры
	русского языка},
  booktitle = {Компьютерная лингвистика и интеллектуальные технологии: по материалам
	ежегодной Международной конференции «Диалог 2010»},
  year = {2010},
  address = {Бекасово},
  language = {russian}
}

@PHDTHESIS{Nozhov03,
  author = {Ножов, И. М.},
  title = {Морфологическая и синтаксическая обработка текста: модели и программы},
  year = {2003},
  type = {Дис\ldots канд. техн. наук},
  address = {М.},
  language = {russian},
  numpages = {140}
}

@INPROCEEDINGS{Sokirko04,
  author = {Сокирко, А.},
  title = {Морфологические модули на сайте~\url{www.aot.ru}},
  booktitle = {Труды международной конференции <<Диалог 2004>>},
  year = {2004},
  pages = {7},
  address = {Бекасово},
  language = {russian}
}

@PHDTHESIS{Sokirko03,
  author = {Сокирко, А.},
  title = {Семантические словари в автоматической обработке текста (по материалам
	системы ДИАЛИНГ)},
  year = {2003},
  type = {Дис\ldots канд. техн. наук},
  address = {М.},
  language = {russian}
}

@INPROCEEDINGS{Sokirko04Ambiguity,
  author = {Сокирко, А. and Толдова, С.},
  title = {Сравнение эффективности двух методик снятия лексической и морфологической
	неоднозначности для русского языка (скрытая модель Маркова и синтаксический
	анализатор именных групп)},
  year = {2004},
  address = {СПб.},
  booktotle = {Труды международной конференции «Корпусная лингвистика 2004»},
  language = {russian}
}

@INPROCEEDINGS{Ustalov11,
  author = {Усталов, Д. and Зафиров, Е.},
  title = {Онтология и метод оценки деятельности студента для обеспечения компетентностного
	подхода в образовании},
  booktitle = {Труды VII международной конференции «Математическое моделирование
	в образовании, науке и производстве»},
  year = {2011},
  pages = {6},
  address = {Приднестровский государственный университет, Тирасполь, ПМР},
  language = {russian}
}

@INBOOK{AlchemyAPI,
  title = {AlchemyAPI - Transforming Text Into Knowledge [Электронный ресурс]},
  booktitle = {[сайт]. URL: \url{http://www.alchemyapi.com} (дата обращения: 29.03.2011)},
  language = {english}
}

@INBOOK{AOT,
  title = {Проект АОТ: Главная [Электронный ресурс]},
  booktitle = {[сайт]. URL: \url{http://aot.ru} (дата обращения: 29.03.2011)},
  language = {russian}
}

@INBOOK{AOTFragmAn,
  title = {Проект АОТ: Фрагментационный анализ [Электронный ресурс]},
  booktitle = {[сайт]. URL: \url{http://www.aot.ru/docs/fragman.html} (дата обращения:
	29.03.2011)},
  language = {russian}
}

@INBOOK{AOTGraphAn,
  title = {Проект АОТ: Графематика [Электронный ресурс]},
  booktitle = {[сайт]. URL: \url{http://www.aot.ru/docs/graphan.html} (дата обращения:
	29.03.2011)},
  language = {russian}
}

@INBOOK{AOTSynAn,
  title = {Проект АОТ: Синтаксический анализ [Электронный ресурс]},
  booktitle = {[сайт]. URL: \url{http://www.aot.ru/docs/synan.html} (дата обращения:
	29.03.2011)},
  language = {russian}
}

@INBOOK{ContentAnalyzer,
  title = {Content Analyzer v0.52 [Электронный ресурс]},
  booktitle = {[сайт]. URL: \url{http://www.rvsn2.narod.ru/soft51.htm} (дата обращения:
	29.03.2011)},
  language = {russian}
}

@INBOOK{Extractor,
  title = {Extractor Live Content Demonstration [Электронный ресурс]},
  booktitle = {[сайт]. URL: \url{http://www.extractorlive.com} (дата обращения:
	02.02.2011)},
  language = {english}
}

@INBOOK{HTML5,
  title = {HTML5 [Электронный ресурс]},
  booktitle = {A vocabulary and associated APIs for HTML and XHTML [сайт]. URL:
	\url{http://dev.w3.org/html5/spec/} (дата обращения: 27.04.2011)},
  language = {english}
}

@INBOOK{JSON,
  title = {JSON [Электронный ресурс]},
  booktitle = {[сайт]. URL: \url{http://json.org/} (дата обращения: 27.04.2011)},
  language = {english}
}

@INBOOK{Maui,
  title = {Maui - Multi-purpose automatic topic indexing [Электронный ресурс]},
  booktitle = {[сайт]. URL: \url{http://code.google.com/p/maui-indexer} (дата обращения:
	30.03.2011)},
  language = {english}
}

@INBOOK{Myaso,
  title = {Морфологический анализатор myaso [Электронный ресурс]},
  booktitle = {[сайт]. URL: \url{http://myaso.jetspade.ru/} (дата обращения: 22.04.2011)},
  language = {russian}
}

@INBOOK{Mystem,
  title = {О программе mystem [Электронный ресурс]},
  booktitle = {Компания Яндекс [сайт]. URL: \url{http://company.yandex.ru/technology/mystem/}
	(дата обращения: 22.04.2011)},
  language = {russian}
}

@INBOOK{OpenCalais,
  title = {Home | OpenCalais [Электронный ресурс]},
  booktitle = {[сайт]. URL: \url{http://www.opencalais.com} (дата обращения: 29.03.2011)},
  language = {english}
}

@INBOOK{OpenStack,
  title = {OpenStack Open Source Cloud Computing Software [Электронный ресурс]},
  booktitle = {[сайт]. URL: \url{http://openstack.org} (дата обращения: 28.04.2011)},
  language = {english}
}

@INBOOK{Pymorphy,
  title = {Морфологический анализатор pymorphy [Электронный ресурс]},
  booktitle = {[сайт]. URL: \url{http://packages.python.org/pymorphy/} (дата обращения:
	26.04.2011)},
  language = {russian}
}

@INBOOK{RHELS,
  title = {redhat.com | Enterprise Linux-Open Source Application for Servers
	built on Linux [Электронный ресурс]},
  booktitle = {[сайт]. URL: \url{http://www.redhat.com/rhel/server/} (дата обращения:
	07.04.2011)},
  language = {english}
}

@INBOOK{Rubinius,
  title = {Rubinius : Use Ruby™ [Электронный ресурс]},
  booktitle = {[сайт]. URL: \url{http://rubini.us} (дата обращения: 12.01.2011)},
  language = {english}
}

@INBOOK{SemanticMirror,
  title = {Технология ``Семантическое зеркало'' [Электронный ресурс]},
  booktitle = {Ашманов и партнеры [сайт]. URL: \url{http://www.ashmanov.com/tech/semantic}
	(дата обращения: 22.04.2011)},
  language = {russian}
}

@INBOOK{Snowball,
  title = {Snowball [Электронный ресурс]},
  booktitle = {[сайт]. URL: \url{http://snowball.tartarus.org/} (дата обращения:
	19.04.2011)},
  language = {english}
}

@INBOOK{TerMine,
  title = {TerMine Web Demonstrator [Электронный ресурс]},
  booktitle = {[сайт]. URL: \url{http://www.nactem.ac.uk/software/termine} (дата
	обращения: 29.12.2010)},
  language = {english}
}

@INBOOK{Tesuck,
  title = {Tesuçk [Электронный ресурс]},
  booktitle = {[сайт]. URL: \url{http://tesuck.eveel.ru} (дата обращения: 05.04.2011)},
  language = {russian}
}

@INBOOK{TextAnalyst,
  title = {New approach to text analysis [Электронный ресурс]},
  booktitle = {Microsystems, Ltd. [сайт]. URL: \url{http://analyst.ru/index.php?lang=eng&dir=content/tech/&id=approach}
	(дата обращения: 30.03.2011)},
  language = {english}
}

@INBOOK{TnT,
  title = {TnT -- Statistical Part-of-Speech Tagging [Электронный ресурс]},
  booktitle = {[сайт]. URL: \url{http://www.coli.uni-saarland.de/~thorsten/tnt/}
	(дата обращения: 26.04.2011)},
  language = {english}
}

@INBOOK{TokyoCabinet,
  title = {Tokyo Cabinet: a modern implementation of DBM [Электронный ресурс]},
  booktitle = {[сайт]. URL: \url{http://1978th.net/tokyocabinet/} (дата обращения:
	22.04.2011)},
  language = {english}
}

@INBOOK{TreeTagger,
  title = {TreeTagger - a language independent part-of-speech tagger [Электронный
	ресурс]},
  booktitle = {[сайт]. URL: \url{http://www.ims.uni-stuttgart.de/projekte/corplex/TreeTagger/DecisionTreeTagger.html}
	(дата обращения: 22.04.2011)},
  language = {english}
}

@INBOOK{UniqueRecordSet,
  title = {NooLab - лаборатория информационных технологий [Электронный ресурс]},
  booktitle = {[сайт]. URL: \url{http://www.noolab.ru/index.php?id=raznpriut} (дата
	обращения: 23.03.2011)},
  language = {russian}
}

@INBOOK{XML,
  title = {Extensible Markup Language (XML) 1.0 (Fifth Edition) [Электронный
	ресурс]},
  booktitle = {W3C Recommendation [сайт]. URL: \url{http://www.w3.org/TR/REC-xml/}
	(дата обращения: 27.04.2011)},
  language = {english}
}

@INBOOK{YahooTermExtractionWebService,
  title = {Term Extraction Web Service - YDN [Электронный ресурс]},
  booktitle = {[сайт]. URL: \url{http://developer.yahoo.com/search/content/V1/termExtraction.html}
	(дата обращения: 11.01.2011)},
  language = {english}
}

@BOOK{GOST1970190,
  title = {ГОСТ 19.701-90. Единая система программной документации. Схемы алгоритмов,
	программ, данных и систем. Обозначения условные и правила выполнения.},
  publisher = {Изд-во стандартов},
  year = {1990},
  address = {М.},
  language = {russian},
  numpages = {24}
}

